@ARTICLE{5675779,
  author={Akyildiz, Ian F. and Jornet, Josep Miquel},
  journal={IEEE Wireless Communications}, 
  title={The Internet of nano-things}, 
  year={2010},
  volume={17},
  number={6},
  pages={58-63},
  doi={10.1109/MWC.2010.5675779}}